<?xml version="1.0" encoding="utf-8"?>
<record xmlns="http://www.loc.gov/MARC21/slim" xmlns:xsi="http://www.w3.org/2001/XMLSchema-instance" xsi:schemaLocation="http://www.loc.gov/MARC21/slim http://www.loc.gov/standards/marcxml/schema/MARC21slim.xsd">
	<leader>     nam a22     Mi 4500</leader>
	<controlfield tag="001">b12481348</controlfield>
	<controlfield tag="003">LeBAU</controlfield>
	<controlfield tag="006">m        d        </controlfield>
	<controlfield tag="007">cr cn |||m|||a</controlfield>
	<controlfield tag="008">210518s1934    ua      o     ||0 0 ara d</controlfield>
	<datafield ind1=" " ind2=" " tag="040">
		<subfield code="a">ZYU</subfield>
		<subfield code="b">ara</subfield>
		<subfield code="e">rda</subfield>
		<subfield code="c">ZYU</subfield>
	</datafield>
	<datafield ind1="0" ind2="4" tag="082">
		<subfield code="a">492.75</subfield>
		<subfield code="2">23</subfield>
	</datafield>
	<datafield ind1="1" ind2=" " tag="100">
		<subfield code="6">880-01</subfield>
		<subfield code="a">Sujāʻī, Aḥmad ibn Aḥmad,</subfield>
		<subfield code="d">-1783?.</subfield>
		<subfield code="e">author.</subfield>
		<subfield code="0">https://lccn.loc.gov/nr89005826 ,</subfield>
	</datafield>
	<datafield ind1="1" ind2="0" tag="245">
		<subfield code="6">880-02</subfield>
		<subfield code="a">Ḥāshīyat al-Sujāʻī ʻalá sharḥ al-Qaṭr :</subfield>
		<subfield code="b">wa-hiya ḥāshīyah lil-ʻAllāmah al-Sujāʻī ʻalá sharḥ al-Qaṭr lil-ʻAllāmah ibn Hishām.</subfield>
	</datafield>
	<datafield ind1=" " ind2="1" tag="264">
		<subfield code="6">880-03</subfield>
		<subfield code="a">Miṣr :</subfield>
		<subfield code="b">Maṭbaʻat Muṣṭafá Muḥammad,</subfield>
		<subfield code="c">1353 H. = 1934 M.</subfield>
	</datafield>
	<datafield ind1=" " ind2=" " tag="300">
		<subfield code="6">880-04</subfield>
		<subfield code="a">online resource (155 pages)</subfield>
	</datafield>
	<datafield ind1=" " ind2=" " tag="336">
		<subfield code="a">text</subfield>
		<subfield code="2">rdacontent</subfield>
	</datafield>
	<datafield ind1=" " ind2=" " tag="337">
		<subfield code="a">computer</subfield>
		<subfield code="2">rdamedia</subfield>
	</datafield>
	<datafield ind1=" " ind2=" " tag="338">
		<subfield code="a">online resource</subfield>
		<subfield code="2">rdacarrier</subfield>
	</datafield>
	<datafield ind1=" " ind2=" " tag="500">
		<subfield code="a">Part of the Arabic Collections Online (ACO) project, contributed by American University of Beirut's Jafet Memorial Library.</subfield>
	</datafield>
	<datafield ind1=" " ind2=" " tag="533">
		<subfield code="a">Electronic reproduction.</subfield>
		<subfield code="b">New York, N.Y. :</subfield>
		<subfield code="c">New York University,</subfield>
		<subfield code="d">2021.</subfield>
		<subfield code="5">NNU</subfield>
	</datafield>
	<datafield ind1="0" ind2="0" tag="600">
		<subfield code="6">880-05</subfield>
		<subfield code="a">Ibn Hishām, ʻAbd Allāh ibn Yūsuf,</subfield>
		<subfield code="d">1309-1360.</subfield>
		<subfield code="t">Qaṭr al-nadá wa-ball al-ṣadá.</subfield>
	</datafield>
	<datafield ind1="1" ind2="0" tag="600">
		<subfield code="6">880-06</subfield>
		<subfield code="a">Ibn Hishām, ʻAbd Allāh ibn Yūsuf,</subfield>
		<subfield code="d">1309-1360.</subfield>
		<subfield code="t">Sharḥ Qaṭr al-nadá wa-ball al-ṣadá.</subfield>
	</datafield>
	<datafield ind1=" " ind2="0" tag="650">
		<subfield code="6">880-07</subfield>
		<subfield code="a">Arabic language</subfield>
		<subfield code="x">Grammar.</subfield>
	</datafield>
	<datafield ind1="1" ind2="2" tag="700">
		<subfield code="6">880-08</subfield>
		<subfield code="a">Ibn Hishām, ʻAbd Allāh ibn Yūsuf,</subfield>
		<subfield code="d">1309-1360.</subfield>
		<subfield code="t">Qaṭr al-nadá wa-ball al-ṣadá.</subfield>
		<subfield code="0">https://lccn.loc.gov/no2019145255</subfield>
	</datafield>
	<datafield ind1="1" ind2="2" tag="700">
		<subfield code="6">880-09</subfield>
		<subfield code="a">Ibn Hishām, ʻAbd Allāh ibn Yūsuf,</subfield>
		<subfield code="d">1309-1360.</subfield>
		<subfield code="t">Sharḥ Qaṭr al-nadá wa-ball al-ṣadá.</subfield>
		<subfield code="0">https://lccn.loc.gov/n88242896</subfield>
	</datafield>
	<datafield ind1="1" ind2="2" tag="700">
		<subfield code="6">880-10</subfield>
		<subfield code="a">Anbābī, Muḥammad ibn Muḥammad,</subfield>
		<subfield code="d">1824 or 1825-1895 or 1896.</subfield>
		<subfield code="t">Taqrīrāt.</subfield>
	</datafield>
	<datafield ind1="2" ind2=" " tag="710">
		<subfield code="a">Jafet Memorial Library.</subfield>
	</datafield>
	<datafield ind1="0" ind2=" " tag="730">
		<subfield code="a">Arabic Collections Online.</subfield>
	</datafield>
	<datafield ind1="0" ind2="8" tag="775">
		<subfield code="6">880-11</subfield>
		<subfield code="i">has designation of edition</subfield>
		<subfield code="4">http://rdaregistry.info/Elements/m/P30133 :</subfield>
		<subfield code="a">Sujāʻī, Aḥmad ibn Aḥmad, -1783?</subfield>
		<subfield code="t">Ḥāshīyat al-Sujāʻī ʻalá sharḥ al-Qaṭr.</subfield>
		<subfield code="d">Miṣr : al-Maṭbaʻah al-Bahīyah, 1299 H., [1881? M.]</subfield>
		<subfield code="w">(OCoLC)784510143</subfield>
		<subfield code="w">(OCoLC)784510143</subfield>
	</datafield>
	<datafield ind1="0" ind2="8" tag="776">
		<subfield code="i">Print version:</subfield>
		<subfield code="a">Sujāʻī, Aḥmad ibn Aḥmad, -1783?. author. https://lccn.loc.gov/nr89005826 ,</subfield>
		<subfield code="t">Ḥāshīyat al-Sujāʻī ʻalá sharḥ al-Qaṭr</subfield>
		<subfield code="w">(LeBAU)b12481348</subfield>
	</datafield>
	<datafield ind1="4" ind2="0" tag="856">
		<subfield code="u">http://hdl.handle.net/2333.1/d7wm3k42</subfield>
	</datafield>
	<datafield ind1="1" ind2=" " tag="880">
		<subfield code="6">100-01</subfield>
		<subfield code="a">السجاعي، احمد بن احمد،</subfield>
		<subfield code="d">-1783؟</subfield>
		<subfield code="0">https://lccn.loc.gov/nr89005826 ,</subfield>
		<subfield code="e">مؤلف.</subfield>
		<subfield code="4">aut.</subfield>
	</datafield>
	<datafield ind1="1" ind2="0" tag="880">
		<subfield code="6">245-02</subfield>
		<subfield code="a">حاشية السجاعي على شرح القطر :</subfield>
		<subfield code="b">وهي حاشية للعلامة السجاعي على شرح القطر للعلامة ابن هشام.</subfield>
	</datafield>
	<datafield ind1=" " ind2="1" tag="880">
		<subfield code="6">264-03</subfield>
		<subfield code="a">مصر :</subfield>
		<subfield code="b">مطبعة مصطفى محمد،</subfield>
		<subfield code="c">1353 هـ. = 1934 م.</subfield>
	</datafield>
	<datafield ind1=" " ind2=" " tag="880">
		<subfield code="6">300-04</subfield>
		<subfield code="a">155 صفحة ؛</subfield>
		<subfield code="c">28 سم</subfield>
	</datafield>
	<datafield ind1=" " ind2=" " tag="880">
		<subfield code="6">500-00</subfield>
		<subfield code="a">&quot;قد وضعنا الشرح بأعلى الصفحة والحاشية تحته وفي أسفل الصفحة تقريرات الشيخ محمد الأنبابي مفصول بين كل بجدول.&quot;</subfield>
	</datafield>
	<datafield ind1=" " ind2=" " tag="880">
		<subfield code="6">500-00</subfield>
		<subfield code="a">&quot;مطبعة مصطفى محمد صاحب المكتبة التجارية الكبرى بمصر.&quot;</subfield>
	</datafield>
	<datafield ind1="1" ind2="4" tag="880">
		<subfield code="6">600-05</subfield>
		<subfield code="a">ابن هشام، عبد الله بن يوسف،</subfield>
		<subfield code="d">1309-1360.</subfield>
		<subfield code="t">قطر الندى وبل الصدى.</subfield>
	</datafield>
	<datafield ind1="1" ind2="4" tag="880">
		<subfield code="6">600-06</subfield>
		<subfield code="a">ابن هشام، عبد الله بن يوسف،</subfield>
		<subfield code="d">1309-1360.</subfield>
		<subfield code="t">شرح قطر الندى وبل الصدى.</subfield>
	</datafield>
	<datafield ind1=" " ind2="4" tag="880">
		<subfield code="6">650-07</subfield>
		<subfield code="a">اللغة العربية</subfield>
		<subfield code="x">قواعد.</subfield>
	</datafield>
	<datafield ind1="1" ind2="2" tag="880">
		<subfield code="6">700-08</subfield>
		<subfield code="a">إبن هشام، عبد الله بن يوسف،</subfield>
		<subfield code="d">1309-1360.</subfield>
		<subfield code="t">قطر الندى وبل الصدى.</subfield>
		<subfield code="0">https://lccn.loc.gov/no2019145255</subfield>
	</datafield>
	<datafield ind1="1" ind2="2" tag="880">
		<subfield code="6">700-09</subfield>
		<subfield code="a">إبن هشام، عبد الله بن يوسف،</subfield>
		<subfield code="d">1309-1360.</subfield>
		<subfield code="t">شرح قطر الندى وبل الصدى.</subfield>
		<subfield code="0">https://lccn.loc.gov/n88242896</subfield>
	</datafield>
	<datafield ind1="1" ind2="2" tag="880">
		<subfield code="6">700-10</subfield>
		<subfield code="a">الأنبابي، محمد بن محمد،</subfield>
		<subfield code="d">1824 او 1825-1895 او 1896.</subfield>
		<subfield code="t">تقريرات.</subfield>
	</datafield>
	<datafield ind1="0" ind2="8" tag="880">
		<subfield code="6">775-11</subfield>
		<subfield code="i">دلالة على الطبعة</subfield>
		<subfield code="4">http://rdaregistry.info/Elements/m/P30133 :</subfield>
		<subfield code="a">السجاعي، احمد بن احمد، -1783؟</subfield>
		<subfield code="t">حاشية العلامة السجاعي على شرح القطر.</subfield>
		<subfield code="d">مصر : المطبعة البهية، 1299 هـ.، [1881؟ م.]</subfield>
		<subfield code="w">(LEAUB)b12773827</subfield>
		<subfield code="w">(OCoLC)784510143</subfield>
	</datafield>
	<datafield ind1=" " ind2=" " tag="959">
		<subfield code="a">NNU</subfield>
		<subfield code="b">WEB</subfield>
		<subfield code="c">GENI</subfield>
		<subfield code="t">0</subfield>
		<subfield code="m">Electronic access</subfield>
		<subfield code="s">01</subfield>
	</datafield>
	<datafield ind1=" " ind2=" " tag="999">
		<subfield code="i">LeBAU_b12481348</subfield>
		<subfield code="s">aub_aco004401</subfield>
		<subfield code="e">(ERROR-MISC)</subfield>
		<subfield code="s">aub_aco004401</subfield>
	</datafield>
</record>
